@book{mitch97,
 author = {Mitchell, Thomas M.},
 title = {Machine Learning},
 year = {1997},
publisher = {McGraw-Hill, Inc.}
}

@book{weiss91,
 author = {Weiss, Sholom M. and Kulikowski, Casimir A.},
 title = {Computer Systems That Learn: Classification and Prediction Methods from Statistics, Neural Nets, Machine Learning, and Expert Systems},
 year = {1991},
 publisher = {Morgan Kaufmann Publishers Inc.}
} 

@article{jain99,
 author = {Jain, A. K. and Murty, M. N. and Flynn, P. J.},
 title = {Data Clustering: A Review},
 journal = {ACM Comput. Surv.},
 issue_date = {Sept. 1999},
 volume = {31},
 number = {3},
 month = sep,
 year = {1999},
 issn = {0360-0300},
 pages = {264--323},
 numpages = {60},
 publisher = {ACM}
}

@MISC{fasulo99,
    author = {Daniel Fasulo},
    title = {An Analysis of Recent Work on Clustering Algorithms},
    year = {1999}
}

@inproceedings{pell91,
 author = {Pelleg, Dan and Moore, Andrew},
 title = {Accelerating Exact K-means Algorithms with Geometric Reasoning},
 booktitle = {Proceedings of the Fifth ACM SIGKDD International Conference on Knowledge Discovery and Data Mining},
 series = {KDD '99},
 year = {1999},
 isbn = {1-58113-143-7},
 pages = {277--281},
 numpages = {5},
 publisher = {ACM}
}

@BOOK{brei84,
  author        = {Leo Breiman and J. H. Friedman and R. A. Olshen and C. J. Stone},
  title         = {Classification and Regression Trees},
  year          = {1984},
  publisher     = {Wadsworth Publishing Company},
  series        = {Statistics/Probability Series}
 
}


@misc{uci,
title = {UCI Repository},
note = {die Datensätze stammen von deren Webseite}
}


@inproceedings{fay,
 author = {Fayyad, Usama and Reina, Cory and Bradley, P. S.},
 title = {Initialization of Iterative Refinement Clustering Algorithms},
 booktitle = {Proceedings of the Fourth International Conference on Knowledge Discovery and Data Mining},
 series = {KDD'98},
 year = {1998},
 pages = {194--198},
 numpages = {5},
 publisher = {AAAI Press},
} 

@inproceedings{alp95,
 author = {Alpert, Charles J. and Yao, So-Zen},
 title = {Spectral Partitioning: The More Eigenvectors, the Better},
 booktitle = {Proceedings of the 32Nd Annual ACM/IEEE Design Automation Conference},
 series = {DAC '95},
 year = {1995},
 pages = {195-200},
 numpages = {6},
 publisher = {ACM}
 }

@article{tam99,
    author = {Tamayo, P. and Slonim, D. and Mesirov, J. and Zhu, Q. and Kitareewan, S. and Dmitrovsky, E. and Lander, E. S. and Golub, T. R.},
    journal = {Proceedings of the National Academy of Sciences of the United States of America},
    title = {Interpreting patterns of gene expression with self-organizing maps: methods and application to hematopoietic differentiation.},
    year = {1999}
}

@inproceedings{BKS99,
  author    = {Mihael Ankerst and
                Markus M. Breunig and
                Hans-Peter Kriegel and
                J{\"o}rg Sander},
   title     = {OPTICS: Ordering Points To Identify the Clustering Structure},
   booktitle = {SIGMOD 1999, Proceedings ACM SIGMOD International Conference
                on Management of Data, June 1-3, 1999, Philadephia, Pennsylvania,
                USA},
   publisher = {ACM Press},
   year      = {1999},
   pages     = {49-60},
}


@book{ester2000,
  author = {Ester, Martin and Sander, Jörg},
  description = {Knowledge Discovery in Databases: Techniken und Anwendungen: Amazon.de: Martin Ester, Jörg Sander: Bücher},
  publisher = {Springer Berlin Heidelberg},
  title = {Knowledge Discovery in Databases: Techniken und Anwendungen},
  year = 2000
}


@inproceedings{Ng01,
  author = {Ng, Andrew Y. and Jordan, Michael I. and Weiss, Yair},
  booktitle = {NIPS},
  pages = {849-856},
  publisher = {MIT Press},
  title = {On Spectral Clustering: Analysis and an algorithm.},
  year = 2001
}

@article{Gan13,
title = "Using clustering analysis to improve semi-supervised classification ",
journal = "Neurocomputing ",
volume = "101",
number = "",
pages = "290 - 298",
year = "2013",
author = "Haitao Gan and Nong Sang and Rui Huang and Xiaojun Tong and Zhiping Dan",
}


@article{Khanmohammadi17,
title = "An improved overlapping k-means clustering method for medical applications ",
journal = "Expert Systems with Applications",
volume = "67",
number = "",
pages = "12 - 18",
year = "2017",
note = "",
author = "Sina Khanmohammadi and Naiier Adibeig and Samaneh Shanehbandy",

}

@article{Munir201262,
title = "A hierarchical k-means clustering based fingerprint quality classification ",
journal = "Neurocomputing",
volume = "85",
pages = "62 - 67",
year = "2012",
author = "Muhammad Umer Munir and Muhammad Younus Javed and Shoab Ahmad Khan",
"
}