@book{SpillnerLinz05,
 author = {Spillner, Andreas and Linz, Tilo},
  publisher = {dpunkt},
  title = {Basiswissen Softwaretest: Aus- und Weiterbildung zum Certified Tester -- Foundation Level nach ISTQB-Standard},
  year = 2005
}

@book{haas2004,
    author = {Peter Haas},
    title = {Medizinische Informationssysteme und elektronische Krankenakten},
		publisher = {Springer Verlag},
    year = {2004}
}


@manual{w3c,
title = {HTTP - Hypertext Transfer Protocol},
address = {https://www.w3.org/Protocols/},
year = {2014},
note = {zuletzt besucht am 31.10.2016}
}


@manual{ews2016,
title = {Java EWS API Getting Started Guide},
address = {https://github.com/OfficeDev/ews-java-api/wiki/Getting-Started-Guide},
year = {2016},
note = {zuletzt besucht am 20.09.2016}
}

@unpublished{g3r,

    title = {G3 HIS Reference Documentation},
		author = {CGM Clinical},
    note = {Documentation to CGM G3 HIS Sofware}

}
@unpublished{g3rp,

    title = {G3 Reverse Proxy},
		author = {CGM Clinical},
    note = {Technical Documentation for the G3 HIS Project}

}

@unpublished{html5,

    title = {CGM HTML5 Controls Browser},
		author = {CGM Clinical},
    note = {Documentation to the UI Elements}

}

@unpublished{g3mrp,

    title = {MRP Technical Documentation},
		author = {CGM Clinical},
    note = {Technical Documentation for the MRP Project}

}

@book{joos2013,
    author = {T. Joos},
    title = {Microsoft Outlook 2013 - Das Handbuch},
		publisher = {O'Rielly Verlag Gmbh},
    year = {2013}
}



%neu

@article{Kim199936,
title = "Analysis of capacity management of the intensive care unit in a hospital ",
journal = "European Journal of Operational Research ",
volume = "115",
number = "1",
pages = "36 - 46",
year = "1999",
author = "Seung-Chul Kim and Ira Horowitz and Karl K Young and Thomas A Buckley",

}